@article{Aberth1973,
 author = {Aberth, O.},
 journal = {Mathematics of Computation},
 number = {122},
 pages = {339-344},
 publisher = {American Mathematical Society},
 title = {Iteration Methods for Finding all Zeros of a Polynomial Simultaneously},
 volume = {27},
 year = {1973}
}

@book{Acton1970,
author={Acton, F.S.},
title="Numerical Methods that Work",
publisher="Harper and Row",
year="1970"
}

@article{Aurentz2015,
author={Jared L. Aurentz and Thomas Mach and Raf Vandebril and David S. Watkins},
title={Fast and Backward Stable Computation of Roots of Polynomials},
journal={SIAM Journal on Matrix Analysis and Applications},
volume={36},
number={3},
pages={942-973},
year={2015}}

@article{Bini1996,
author={Bini, D.A.},
journal={Numerical Algorithms},
year={1996},
volume={13},
pages={179-200},
title={Numerical computation of polynomial zeros by means of Aberth's method}
}


@Article{Hansen1977,
author="Hansen, E.
and Patrick, M.
and Rusnak, J.",
title="Some modifications of Laguerre's method",
journal="BIT Numerical Mathematics",
year="1977",
month="Dec",
day="01",
volume="17",
number="4",
pages="409--417"
}

@book{LANCASTER1966,
author = "Lancaster, P.",
title = "Lambda-Matrices and Vibrating Systems ",
publisher = "Pergamon",
year = "1966",
volume = "94",
series = "International Series of Monographs on Pure and Applied Mathematics",
}

@article{Parlett1964,
 author = {Parlett, B.},
 journal = {Mathematics of Computation},
 number = {87},
 pages = {464-485},
 publisher = {American Mathematical Society},
 title = {Laguerre's Method Applied to the Matrix Eigenvalue Problem},
 volume = {18},
 year = {1964}
}

@book{Petkovic2001,
author="Petkovic, M.S. and Petkovic, L. and Zivkovic, D.",
title="Laguerre-like Methods for the Simultaneous Approximation of Polynomial Zeros",
publisher="Springer-verlag",
year={2001},
volume={15},
series={Alefeld, G. and Chen, X. (eds) Topics in Numerical Analysis. Computing Supplementa}
}

@article{Tisseur2000,
author={Tisseur, F.},
title={Backward error and condition of polynomial eigenvalue problem},
journal={Linear Algebra and its Applications},
volume={309},
year={2000},
pages={339-361}}


@book{Wilkinson1965,
author="Wilkinson, J.H.",
title="The Algebraic Eigenvalue Problem",
publisher="Clarendon Press, Oxford",
year="1965"}